@online{
    whatisgan,
    author={Johnnathan Hui},
    title={GAN â€” What is Generative Adversary Networks GAN?},
    year={2018},
    url={https://medium.com/@jonathan_hui/gan-whats-generative-adversarial-networks-and-its-application-f39ed278ef09},
    urldate={2018-12-19}
}
@online{
    blitz,
    author={Soumith Chintala},
    title={Deep Learning with PyTorch: A 60 Minute Blitz},
    year={2017},
    url={https://pytorch.org/tutorials/beginner/deep_learning_60min_blitz.html},
    urldate={2019-01-10}
}
@online{
    video,
    author={3blue1brown},
    title={But what *is* a Neural Network? | Deep learning, chapter 1},
    year={2017},
    url={https://www.youtube.com/watch?v=aircAruvnKk},
    urldate={2018-12-21}
}
@online{
    faces,
    author={Jon Gauthier},
    title={Conditional generative adversarial nets for convolutional face generation.},
    year={2014},
    url={https://pdfs.semanticscholar.org/42f6/f5454dda99d8989f9814989efd50fe807ee8.pdf},
    urldate={2019-01-08}
}
@online{
    chairs,
    author={Alexey Dososvitskiy and Jost Tobias Springenberg and Thomas Brox},
    title={Learning to generate chairs with convolutional neural networks.},
    year={2015},
    url={https://www.cv-foundation.org/openaccess/content_cvpr_2015/papers/Dosovitskiy_Learning_to_Generate_2015_CVPR_paper.pdf},
    urldate={2019-01-14}
}